@misc{neurons,
author={Fernandes},
title = {Exosquelette et bionique, Le syst√®me nerveux},
year={2013},
url={http://lewebpedagogique.com/exosquelettebionique/2013/02/03/le-systeme-nerveux-et-ses-caracterisitques/},
note = "[Online; accessed 30-June-2018]"
}

@misc{wikineat,
author={Wikipedia contributors},
title = {Neuroevolution of augmenting topologies --- {W}ikipedia{,} The Free Encyclopedia},
year={2018},
url={https://en.wikipedia.org/wiki/Neuroevolution_of_augmenting_topologies},
note = "[Online; accessed 30-June-2018]"
}

@Article{neatpaper,
author={Stanley, Kenneth AND Miikkulainen, Risto},
journal={The MIT Press},
title={Evolving Neural Networks through Augmenting Topologies},
year={2002},
pages={6},
}

